@article{ademir,
  title={Material didático visto em aula},
  author={Constantino, Ademir},
  year={2017},
}
@article{artigo,
  title={Estudo sobre as Metaheurísticas},
  author={Luzia, Leandro Ferro and Rodrigues, Mauricio Chui},
  year={2017},
}
@article{artigo1,
  title={Metaheuristics: A global view},
  author={Melián, Belén},
}
@article{artigo2,
  title={Metaheuristics in Combinatorial Optimization: Overview and Conceptual Comparison},
  author={Blum, Christian and Roli, Andrea},
}
